
@phdthesis{beig2018scalable,
  title={Scalable immersive audio for virtual environments},
  author={Beig, Mirza},
  year={2018}
}

@article{johnsonperceptually,
  title={PERCEPTUALLY OPTIMISED VIRTUAL ROOM ACOUSTICS},
  author={Johnson, Dale and Lee, Hyunkook}
}

@article{koontzstate,
  title={State Space Filters for Artificial Reverberation Effects},
  author={Koontz, Warren LG}
}

@inproceedings{abel2010estimating,
  title={Estimating room impulse responses from recorded balloon pops},
  author={Abel, Jonathan S and Bryan, Nicholas J and Huang, Patty P and Kolar, Miriam and Pentcheva, Bissera V},
  booktitle={Audio Engineering Society Convention 129},
  year={2010},
  organization={Audio Engineering Society}
}

@article{schroeder1961colorless,
  title={" Colorless" artificial reverberation},
  author={Schroeder, Manfred R and Logan, Benjamin F},
  journal={IRE Transactions on Audio},
  volume={9},
  number={6},
  pages={209--214},
  year={1961},
  publisher={IEEE}
}

@misc{parker2016artificial,
    title={More Than 50 Years of Artificial Reverberation},
    author={Vesa Välimäki and Julian D. Parker and Lauri Savioja and Julius O. Smith and Jonathan S. Abel},
    year={2016},
    month={Feb},
    note={Available: https://mycourses.aalto.fi/pluginfile.php/46618/course/section/19552/Artificial%20reverberation%20algorithms.pdf}
}
